Name,Category,Subcategory,Product ID,Product URL,Price,Cup Price
Tesco Pink Lady Apple Minimum 5 Pack,Fresh Food,Fresh Fruit,284477542,https://www.tesco.com/groceries/en-GB/products/284477542,£ 2.80,£0.56/each
Tesco Finest Emperor Oranges 4 Pack,Fresh Food,Fresh Fruit,302056368,https://www.tesco.com/groceries/en-GB/products/302056368,£ 2.10,£0.52/each
Tesco Finest Clementine Or Sweet Easy Peeler 600G,Fresh Food,Fresh Fruit,288115395,https://www.tesco.com/groceries/en-GB/products/288115395,£ 2.50,£4.17/kg
Pears Conference Class 1 Loose,Fresh Food,Fresh Fruit,253561247,https://www.tesco.com/groceries/en-GB/products/253561247,£ 0.51,£2.70/kg
Tesco Gala Apple Minimum 5 Pack,Fresh Food,Fresh Fruit,284475550,https://www.tesco.com/groceries/en-GB/products/284475550,£ 1.70,£0.28/each
Tesco Blueberries 250G,Fresh Food,Fresh Fruit,287357000,https://www.tesco.com/groceries/en-GB/products/287357000,£ 3.00,£12.00/kg
Tesco Finest Raspberries 150G,Fresh Food,Fresh Fruit,287377771,https://www.tesco.com/groceries/en-GB/products/287377771,£ 2.50,£16.67/kg
Jaffa Clementine Or Sweet Easy Peeler 600G,Fresh Food,Fresh Fruit,288135169,https://www.tesco.com/groceries/en-GB/products/288135169,£ 2.00,£3.34/kg
Tesco Ready To Eat Seasonal Pears 4Pack 550G,Fresh Food,Fresh Fruit,284475164,https://www.tesco.com/groceries/en-GB/products/284475164,£ 2.10,£3.82/kg
Tesco Braeburn Apple Minimum 5 Pack,Fresh Food,Fresh Fruit,284475671,https://www.tesco.com/groceries/en-GB/products/284475671,£ 1.70,£0.34/each
Tesco Conference Pears Pack 610G,Fresh Food,Fresh Fruit,284475227,https://www.tesco.com/groceries/en-GB/products/284475227,£ 1.70,£2.79/kg
Rosedene Farms Strawberries 227G,Fresh Food,Fresh Fruit,292226511,https://www.tesco.com/groceries/en-GB/products/292226511,,
Tesco Jazz Apple,Fresh Food,Fresh Fruit,284477628,https://www.tesco.com/groceries/en-GB/products/284477628,£ 2.40,£0.40/each
Tesco Blueberries 150G,Fresh Food,Fresh Fruit,287356888,https://www.tesco.com/groceries/en-GB/products/287356888,,
Tesco Red Seedless Grapes Punnet 500G,Fresh Food,Fresh Fruit,260138854,https://www.tesco.com/groceries/en-GB/products/260138854,£ 2.00,£4.00/kg
Tesco Lemons 4 Pack,Fresh Food,Fresh Fruit,257875814,https://www.tesco.com/groceries/en-GB/products/257875814,£ 1.35,£0.34/each
Tesco Green Seedless Grapes Punnet 500G,Fresh Food,Fresh Fruit,260138290,https://www.tesco.com/groceries/en-GB/products/260138290,£ 2.00,£4.00/kg
Tesco Orange Minimum 5 Pack,Fresh Food,Fresh Fruit,288136888,https://www.tesco.com/groceries/en-GB/products/288136888,,
Tesco Seedless Grape Selection Pack 500G,Fresh Food,Fresh Fruit,260138514,https://www.tesco.com/groceries/en-GB/products/260138514,£ 2.00,£4.00/kg
Tesco Raspberries 250G,Fresh Food,Fresh Fruit,287377736,https://www.tesco.com/groceries/en-GB/products/287377736,£ 3.00,£12.00/kg
Large Kiwi Fruit Class 1 Each,Fresh Food,Fresh Fruit,253554285,https://www.tesco.com/groceries/en-GB/products/253554285,£ 0.40,£0.40/each
Tesco Raspberries 150G,Fresh Food,Fresh Fruit,287377667,https://www.tesco.com/groceries/en-GB/products/287377667,£ 2.10,£14.00/kg
Tesco Strawberries 400G,Fresh Food,Fresh Fruit,287529333,https://www.tesco.com/groceries/en-GB/products/287529333,£ 2.25,£5.63/kg
Tesco Organic Fair Trade Bananas 5 Pack,Fresh Food,Fresh Fruit,303869954,https://www.tesco.com/groceries/en-GB/products/303869954,£ 1.35,£0.27/each
Tesco Finest Baby Potatoes 750G,Fresh Food,Fresh Vegetables,273150945,https://www.tesco.com/groceries/en-GB/products/273150945,£ 1.40,£1.87/kg
Tesco Baking Potatoes 2.5Kg Pack,Fresh Food,Fresh Vegetables,258423951,https://www.tesco.com/groceries/en-GB/products/258423951,£ 1.75,£0.70/kg
Tesco Red Onions 3Pack Minimum,Fresh Food,Fresh Vegetables,281425851,https://www.tesco.com/groceries/en-GB/products/281425851,£ 0.90,£0.30/each
Asparagus Tips 125G Class 1,Fresh Food,Fresh Vegetables,256651384,https://www.tesco.com/groceries/en-GB/products/256651384,£ 1.75,£14.00/kg
Tesco Brown Onions Minimum 3 Pack 385G,Fresh Food,Fresh Vegetables,281426090,https://www.tesco.com/groceries/en-GB/products/281426090,£ 0.90,£2.34/kg
Tesco Brown Onions 1Kg,Fresh Food,Fresh Vegetables,255736044,https://www.tesco.com/groceries/en-GB/products/255736044,£ 0.85,£0.85/kg
Tesco Baby Corn 130G,Fresh Food,Fresh Vegetables,293953719,https://www.tesco.com/groceries/en-GB/products/293953719,£ 1.20,£9.24/kg
Chestnut Mushrooms 250G,Fresh Food,Fresh Vegetables,273796618,https://www.tesco.com/groceries/en-GB/products/273796618,£ 1.00,£4.00/kg
Tesco Large Garlic Each,Fresh Food,Fresh Vegetables,272682288,https://www.tesco.com/groceries/en-GB/products/272682288,£ 0.60,£0.60/each
Tesco Curly Kale 180G,Fresh Food,Fresh Vegetables,301219155,https://www.tesco.com/groceries/en-GB/products/301219155,£ 0.72,£4.00/kg
Courgettes Loose Class 1,Fresh Food,Fresh Vegetables,253554596,https://www.tesco.com/groceries/en-GB/products/253554596,£ 0.40,£2.00/kg
Tesco Courgettes,Fresh Food,Fresh Vegetables,302292312,https://www.tesco.com/groceries/en-GB/products/302292312,£ 1.25,£0.42/each
Tesco Closed Cup Mushrooms 300G,Fresh Food,Fresh Vegetables,280046682,https://www.tesco.com/groceries/en-GB/products/280046682,£ 0.95,£3.17/kg
Potatoes Baking Loose,Fresh Food,Fresh Vegetables,253558183,https://www.tesco.com/groceries/en-GB/products/253558183,£ 0.25,£0.83/kg
Tesco Baby Potatoes 1 Kilograms,Fresh Food,Fresh Vegetables,255095718,https://www.tesco.com/groceries/en-GB/products/255095718,£ 1.00,£1.00/kg
Tesco Aubergine Each,Fresh Food,Fresh Vegetables,293610620,https://www.tesco.com/groceries/en-GB/products/293610620,£ 0.69,£0.69/each
Tesco Baby Spinach 250G,Fresh Food,Fresh Vegetables,301219119,https://www.tesco.com/groceries/en-GB/products/301219119,£ 0.93,£3.72/kg
Tesco Cauliflower,Fresh Food,Fresh Vegetables,253558119,https://www.tesco.com/groceries/en-GB/products/253558119,£ 0.85,£0.85/each
Tesco Fresh Cut Coriander 30G,Fresh Food,Fresh Vegetables,292686490,https://www.tesco.com/groceries/en-GB/products/292686490,£ 0.47,£0.16/10g
Tesco Garlic Each,Fresh Food,Fresh Vegetables,263386065,https://www.tesco.com/groceries/en-GB/products/263386065,£ 0.25,£0.25/each
Loose Brown Onions,Fresh Food,Fresh Vegetables,253557034,https://www.tesco.com/groceries/en-GB/products/253557034,£ 0.10,£0.85/kg
Tesco Sugar Snap Peas 160G,Fresh Food,Fresh Vegetables,307354255,https://www.tesco.com/groceries/en-GB/products/307354255,,
Tesco Pre-Packed Leeks 500G,Fresh Food,Fresh Vegetables,267524806,https://www.tesco.com/groceries/en-GB/products/267524806,£ 0.95,£1.90/kg
Loose Red Onions Class 2,Fresh Food,Fresh Vegetables,258114107,https://www.tesco.com/groceries/en-GB/products/258114107,£ 0.21,£1.00/kg
Tesco Granny Smith Apple Minimum 5 Pack,Fresh Food,Fresh Fruit,284475832,https://www.tesco.com/groceries/en-GB/products/284475832,£ 1.60,£0.27/each
Tesco Pineapple Fingers 80G,Fresh Food,Fresh Fruit,285347418,https://www.tesco.com/groceries/en-GB/products/285347418,£ 0.60,£7.50/kg
Tesco Clementine Or Sweet Easy Peeler Pack 600G,Fresh Food,Fresh Fruit,266499399,https://www.tesco.com/groceries/en-GB/products/266499399,£ 1.35,£2.25/kg
Oranges Each,Fresh Food,Fresh Fruit,253554014,https://www.tesco.com/groceries/en-GB/products/253554014,£ 0.30,£0.30/each
Lemons Each,Fresh Food,Fresh Fruit,253556398,https://www.tesco.com/groceries/en-GB/products/253556398,£ 0.30,£0.30/each
Rosedene Farms Small Apple 6 Pack,Fresh Food,Fresh Fruit,292249576,https://www.tesco.com/groceries/en-GB/products/292249576,£ 0.79,£0.13/each
Red Grapefruit Each,Fresh Food,Fresh Fruit,253561443,https://www.tesco.com/groceries/en-GB/products/253561443,£ 0.50,£0.50/each
Tesco Small Bananas 6 Pack,Fresh Food,Fresh Fruit,285157326,https://www.tesco.com/groceries/en-GB/products/285157326,£ 0.75,£0.12/each
Rosedene Farms Braeburn Apples 6 Pack,Fresh Food,Fresh Fruit,305832741,https://www.tesco.com/groceries/en-GB/products/305832741,£ 0.95,£0.16/each
Rosedene Farms Raspberries 125G,Fresh Food,Fresh Fruit,292248312,https://www.tesco.com/groceries/en-GB/products/292248312,£ 1.24,£9.92/kg
Bananas Loose,Fresh Food,Fresh Fruit,275280804,https://www.tesco.com/groceries/en-GB/products/275280804,£ 0.14,£0.78/kg
Suntrail Lemons Minimum 4 Pack,Fresh Food,Fresh Fruit,292216045,https://www.tesco.com/groceries/en-GB/products/292216045,£ 0.54,£0.14/each
Tesco Ripe Bananas 5 Pack,Fresh Food,Fresh Fruit,266419328,https://www.tesco.com/groceries/en-GB/products/266419328,£ 0.69,£0.14/each
Tesco Pineapple Each,Fresh Food,Fresh Fruit,255230763,https://www.tesco.com/groceries/en-GB/products/255230763,£ 0.79,£0.79/each
Limes Each,Fresh Food,Fresh Fruit,253560634,https://www.tesco.com/groceries/en-GB/products/253560634,£ 0.17,£0.17/each
Rosedene Farms Blueberries 125G,Fresh Food,Fresh Fruit,292248554,https://www.tesco.com/groceries/en-GB/products/292248554,£ 0.89,£7.12/kg
Rosedene Farms Small Pear Pack 550G,Fresh Food,Fresh Fruit,292249484,https://www.tesco.com/groceries/en-GB/products/292249484,£ 0.57,£1.04/kg
Suntrail Farms Grapes 500G,Fresh Food,Fresh Fruit,292250003,https://www.tesco.com/groceries/en-GB/products/292250003,£ 1.06,£2.12/kg
Tesco Perfectly Ripe Mango,Fresh Food,Fresh Fruit,255805844,https://www.tesco.com/groceries/en-GB/products/255805844,£ 0.69,£0.69/each
Tesco Honeydew Melon Each,Fresh Food,Fresh Fruit,254384645,https://www.tesco.com/groceries/en-GB/products/254384645,,
Suntrail Farms Green Grapes 500G,Fresh Food,Fresh Fruit,307161212,https://www.tesco.com/groceries/en-GB/products/307161212,£ 1.06,£2.12/kg
Suntrail Farms Kiwi X6,Fresh Food,Fresh Fruit,292249766,https://www.tesco.com/groceries/en-GB/products/292249766,£ 0.75,£0.12/each
Rosedene Farms Gala Apples 6 Pack,Fresh Food,Fresh Fruit,305831903,https://www.tesco.com/groceries/en-GB/products/305831903,£ 0.95,£0.16/each
Tesco Mixed Nuts 200G,Fresh Food,Fresh Fruit,266375033,https://www.tesco.com/groceries/en-GB/products/266375033,£ 2.50,£12.50/kg
Redmere Farms Green Beans 220G,Fresh Food,Fresh Vegetables,258491673,https://www.tesco.com/groceries/en-GB/products/258491673,£ 0.77,£3.50/kg
Tesco Maris Piper Potatoes 2.5Kg,Fresh Food,Fresh Vegetables,258423755,https://www.tesco.com/groceries/en-GB/products/258423755,£ 1.18,£0.47/kg
Broccoli Loose,Fresh Food,Fresh Vegetables,257231200,https://www.tesco.com/groceries/en-GB/products/257231200,£ 0.52,£1.39/kg
Tesco All Rounder Potatoes 2.5Kg,Fresh Food,Fresh Vegetables,305963764,https://www.tesco.com/groceries/en-GB/products/305963764,£ 0.99,£0.40/kg
Tesco 4 Baking Potatoes,Fresh Food,Fresh Vegetables,305729979,https://www.tesco.com/groceries/en-GB/products/305729979,£ 0.42,£0.10/each
Tesco Sweet Potatoes 1Kg,Fresh Food,Fresh Vegetables,310190037,https://www.tesco.com/groceries/en-GB/products/310190037,£ 0.99,£0.99/kg
Tesco Carrots Loose,Fresh Food,Fresh Vegetables,254638565,https://www.tesco.com/groceries/en-GB/products/254638565,£ 0.04,£0.40/kg
Tesco Sweet Heart Cabbage Each Class 1,Fresh Food,Fresh Vegetables,254941983,https://www.tesco.com/groceries/en-GB/products/254941983,£ 0.49,£0.49/each
Tesco Broccoli 375G,Fresh Food,Fresh Vegetables,307344549,https://www.tesco.com/groceries/en-GB/products/307344549,£ 0.52,£1.39/kg
Tesco Carrots 1Kg,Fresh Food,Fresh Vegetables,305953125,https://www.tesco.com/groceries/en-GB/products/305953125,£ 0.40,£0.40/kg
Tesco Parsnips 500G,Fresh Food,Fresh Vegetables,307365386,https://www.tesco.com/groceries/en-GB/products/307365386,£ 0.42,£0.84/kg
Tesco Finest Jacket Potatoes 4 Pack,Fresh Food,Fresh Vegetables,289647218,https://www.tesco.com/groceries/en-GB/products/289647218,£ 1.50,£0.38/each
Tesco Stringless Beans 180G,Fresh Food,Fresh Vegetables,293953633,https://www.tesco.com/groceries/en-GB/products/293953633,£ 1.25,£6.95/kg
Tesco Tenderstem Broccoli Spears 330G,Fresh Food,Fresh Vegetables,299389237,https://www.tesco.com/groceries/en-GB/products/299389237,£ 2.25,£6.82/kg
Tesco Finest Extra Fine Beans 200G,Fresh Food,Fresh Vegetables,305041628,https://www.tesco.com/groceries/en-GB/products/305041628,£ 1.75,£8.75/kg
Tesco Fresh & Easy Carrot Batons 600G,Fresh Food,Fresh Vegetables,264871629,https://www.tesco.com/groceries/en-GB/products/264871629,£ 1.15,£1.92/kg
Tesco Tenderstem Broccoli 200G,Fresh Food,Fresh Vegetables,305255289,https://www.tesco.com/groceries/en-GB/products/305255289,£ 1.60,£8.00/kg
Ginger Root Loose,Fresh Food,Fresh Vegetables,253559297,https://www.tesco.com/groceries/en-GB/products/253559297,£ 0.53,£5.25/kg
Tesco Red Onion 1Kg,Fresh Food,Fresh Vegetables,262645072,https://www.tesco.com/groceries/en-GB/products/262645072,£ 1.00,£1.00/kg
Heygate Farms Norfolk Potatoes 750G,Fresh Food,Fresh Vegetables,277438133,https://www.tesco.com/groceries/en-GB/products/277438133,£ 1.35,£1.80/kg
Tesco Green Beans 80G,Fresh Food,Fresh Vegetables,301193961,https://www.tesco.com/groceries/en-GB/products/301193961,£ 1.00,£12.50/kg
Tesco Swede,Fresh Food,Fresh Vegetables,304785423,https://www.tesco.com/groceries/en-GB/products/304785423,£ 0.80,£0.80/each
Tesco Peeled Brussels Sprouts 200G,Fresh Food,Fresh Vegetables,298126620,https://www.tesco.com/groceries/en-GB/products/298126620,£ 1.25,£6.25/kg
Fresh & Naked Spinach 125G,Fresh Food,Fresh Vegetables,272107544,https://www.tesco.com/groceries/en-GB/products/272107544,£ 0.95,£7.60/kg
Tesco Walnuts 200G,Fresh Food,Fresh Fruit,296546961,https://www.tesco.com/groceries/en-GB/products/296546961,£ 2.50,£12.50/kg
Tesco Finest Medjool Dates 200G,Fresh Food,Fresh Fruit,302676947,https://www.tesco.com/groceries/en-GB/products/302676947,£ 2.50,£12.50/kg
Braeburn Apples Loose Class 1,Fresh Food,Fresh Fruit,253807413,https://www.tesco.com/groceries/en-GB/products/253807413,£ 0.54,£2.70/kg
Pink Lady Apples Class 1 Loose,Fresh Food,Fresh Fruit,251627289,https://www.tesco.com/groceries/en-GB/products/251627289,£ 0.62,£3.65/kg
Tesco Mini Watermelon Each,Fresh Food,Fresh Fruit,262456128,https://www.tesco.com/groceries/en-GB/products/262456128,,
Tesco Organic Gala Apples 630G,Fresh Food,Fresh Fruit,287023171,https://www.tesco.com/groceries/en-GB/products/287023171,£ 2.25,£3.58/kg
Tesco Watermelon Each,Fresh Food,Fresh Fruit,254638605,https://www.tesco.com/groceries/en-GB/products/254638605,,
Tesco Mango 250G,Fresh Food,Fresh Fruit,302987699,https://www.tesco.com/groceries/en-GB/products/302987699,,
Tesco Finest Red Grapes Seedless 400G,Fresh Food,Fresh Fruit,308824366,https://www.tesco.com/groceries/en-GB/products/308824366,£ 2.00,£5.00/kg
Tesco Golden Delicious Apple Minimum 5,Fresh Food,Fresh Fruit,284475890,https://www.tesco.com/groceries/en-GB/products/284475890,£ 1.70,£0.34/each
Tesco Strawberries 600G,Fresh Food,Fresh Fruit,287529575,https://www.tesco.com/groceries/en-GB/products/287529575,£ 3.25,£5.42/kg
Tesco British Apple Minimum 5 Pack,Fresh Food,Fresh Fruit,284477058,https://www.tesco.com/groceries/en-GB/products/284477058,,
Tesco Large Pineapple Each,Fresh Food,Fresh Fruit,260905678,https://www.tesco.com/groceries/en-GB/products/260905678,£ 1.75,£1.75/each
Tesco Raspberries & Blueberries 200G,Fresh Food,Fresh Fruit,305977327,https://www.tesco.com/groceries/en-GB/products/305977327,£ 2.50,£12.50/kg
Tesco Bramley Cooking Apples Loose,Fresh Food,Fresh Fruit,253558033,https://www.tesco.com/groceries/en-GB/products/253558033,£ 0.50,£2.00/kg
Finest Strawberries 227G,Fresh Food,Fresh Fruit,303391549,https://www.tesco.com/groceries/en-GB/products/303391549,,
Tesco Large Selection Grapes 800G Pack,Fresh Food,Fresh Fruit,294076120,https://www.tesco.com/groceries/en-GB/products/294076120,£ 3.00,£3.75/kg
Tesco Black Seedless Grapes 500G,Fresh Food,Fresh Fruit,262640958,https://www.tesco.com/groceries/en-GB/products/262640958,£ 2.00,£4.00/kg
Tesco Galia Melon Each Class 1,Fresh Food,Fresh Fruit,254385356,https://www.tesco.com/groceries/en-GB/products/254385356,£ 1.80,£1.80/each
Tesco Plums 400G,Fresh Food,Fresh Fruit,296057710,https://www.tesco.com/groceries/en-GB/products/296057710,£ 1.50,£3.75/kg
Jaffa Oranges Minimum 4 Pack,Fresh Food,Fresh Fruit,253554170,https://www.tesco.com/groceries/en-GB/products/253554170,£ 2.00,£0.50/each
Tesco Finest Black Grapes Seedless 400G,Fresh Food,Fresh Fruit,308831386,https://www.tesco.com/groceries/en-GB/products/308831386,£ 2.00,£5.00/kg
Tesco Passion Fruit 3 Pack,Fresh Food,Fresh Fruit,265460855,https://www.tesco.com/groceries/en-GB/products/265460855,£ 1.30,£0.43/each
Tesco Satsumas 600G,Fresh Food,Fresh Fruit,267528710,https://www.tesco.com/groceries/en-GB/products/267528710,£ 1.35,£2.25/kg
Tesco Butternut Squash Each,Fresh Food,Fresh Vegetables,277492902,https://www.tesco.com/groceries/en-GB/products/277492902,£ 1.20,£1.20/each
Tesco Baby Button Mushrooms 200G,Fresh Food,Fresh Vegetables,280046454,https://www.tesco.com/groceries/en-GB/products/280046454,£ 1.05,£5.25/kg
Redmere Farms Garlic 4 Pack,Fresh Food,Fresh Vegetables,292201759,https://www.tesco.com/groceries/en-GB/products/292201759,£ 0.79,£0.79/each
Tesco Family Pack Mushrooms 625G,Fresh Food,Fresh Vegetables,279316390,https://www.tesco.com/groceries/en-GB/products/279316390,£ 1.88,£3.01/kg
Tesco Red Chillies 60G,Fresh Food,Fresh Vegetables,256339363,https://www.tesco.com/groceries/en-GB/products/256339363,£ 0.64,£10.67/kg
Asparagus Bundle 250G Pack Class 1 Each,Fresh Food,Fresh Vegetables,254648518,https://www.tesco.com/groceries/en-GB/products/254648518,£ 2.00,£8.00/kg
Tesco British Maris Piper 1.25Kg,Fresh Food,Fresh Vegetables,304376337,https://www.tesco.com/groceries/en-GB/products/304376337,£ 1.00,£0.80/kg
Organic Carrots 700G,Fresh Food,Fresh Vegetables,256687445,https://www.tesco.com/groceries/en-GB/products/256687445,£ 1.00,£1.43/kg
Tesco Large Flat Mushrooms 250G,Fresh Food,Fresh Vegetables,299916749,https://www.tesco.com/groceries/en-GB/products/299916749,£ 1.00,£4.00/kg
Tesco Fine Beans 200G,Fresh Food,Fresh Vegetables,279336901,https://www.tesco.com/groceries/en-GB/products/279336901,£ 1.00,£5.00/kg
Tesco Mashed Potato 425G,Fresh Food,Fresh Vegetables,267111051,https://www.tesco.com/groceries/en-GB/products/267111051,£ 0.71,£1.68/kg
Tesco Egg Noodles 300G,Fresh Food,Fresh Vegetables,290981391,https://www.tesco.com/groceries/en-GB/products/290981391,£ 0.87,£2.90/kg
Tesco Fresh Cut Flat Leaf Parsley 30G,Fresh Food,Fresh Vegetables,292686582,https://www.tesco.com/groceries/en-GB/products/292686582,£ 0.47,£0.16/10g
Tesco Sweet Potatoes Loose Class 1,Fresh Food,Fresh Vegetables,253559199,https://www.tesco.com/groceries/en-GB/products/253559199,£ 0.39,£1.10/kg
Redmere Farms Brown Onion 1Kg,Fresh Food,Fresh Vegetables,292276376,https://www.tesco.com/groceries/en-GB/products/292276376,£ 0.50,£0.50/kg
Tesco Sweetcorn Cobettes 4 Pack,Fresh Food,Fresh Vegetables,251788587,https://www.tesco.com/groceries/en-GB/products/251788587,£ 1.29,£0.32/each
Redmere Farms Courgettes 350G,Fresh Food,Fresh Vegetables,292276877,https://www.tesco.com/groceries/en-GB/products/292276877,£ 0.81,£2.32/kg
Tesco Cut Basil 30G,Fresh Food,Fresh Vegetables,292695686,https://www.tesco.com/groceries/en-GB/products/292695686,,
Tesco White Cabbage,Fresh Food,Fresh Vegetables,294070748,https://www.tesco.com/groceries/en-GB/products/294070748,£ 0.59,£0.59/each
Tesco Corn On The Cob Twinpack,Fresh Food,Fresh Vegetables,253555825,https://www.tesco.com/groceries/en-GB/products/253555825,£ 1.19,£0.60/each
Parsnips Loose Class 1,Fresh Food,Fresh Vegetables,253557408,https://www.tesco.com/groceries/en-GB/products/253557408,£ 0.13,£0.84/kg
Tesco Savoy Cabbage,Fresh Food,Fresh Vegetables,255838396,https://www.tesco.com/groceries/en-GB/products/255838396,£ 0.45,£0.45/each
Tesco Organic Tenderstem Broccoli 200G,Fresh Food,Fresh Vegetables,277926811,https://www.tesco.com/groceries/en-GB/products/277926811,£ 2.50,£12.50/kg
Tesco Purple Sprouting Broccoli 200G,Fresh Food,Fresh Vegetables,280404472,https://www.tesco.com/groceries/en-GB/products/280404472,£ 1.80,£9.00/kg
Tesco Organic Unwaxed Lemons Minimum 3 Pack,Fresh Food,Fresh Fruit,252201146,https://www.tesco.com/groceries/en-GB/products/252201146,£ 1.75,£0.58/each
Tesco Sweet Easy Peeler,Fresh Food,Fresh Fruit,253556127,https://www.tesco.com/groceries/en-GB/products/253556127,£ 0.24,£2.25/kg
Tesco Ripe & Ready Kiwi,Fresh Food,Fresh Fruit,252496118,https://www.tesco.com/groceries/en-GB/products/252496118,£ 1.60,£1.60/each
Tesco Melon Finger Tray 80G,Fresh Food,Fresh Fruit,285363387,https://www.tesco.com/groceries/en-GB/products/285363387,£ 0.60,£7.50/kg
T.Cantaloupe Melon Each Class 1,Fresh Food,Fresh Fruit,256582085,https://www.tesco.com/groceries/en-GB/products/256582085,,
Tesco Blackberries 150G,Fresh Food,Fresh Fruit,287377189,https://www.tesco.com/groceries/en-GB/products/287377189,£ 2.00,£13.34/kg
Tesco Supersweet Plums Perfectly Ripe 325G,Fresh Food,Fresh Fruit,280621082,https://www.tesco.com/groceries/en-GB/products/280621082,£ 2.15,£6.62/kg
Limes Minimum 5 Pack,Fresh Food,Fresh Fruit,265891385,https://www.tesco.com/groceries/en-GB/products/265891385,£ 0.89,£0.18/each
Tesco Apple Snack Pack 80G,Fresh Food,Fresh Fruit,286681924,https://www.tesco.com/groceries/en-GB/products/286681924,£ 0.50,£6.25/kg
Suntrail Farms Orange Minimum 5 Pack,Fresh Food,Fresh Fruit,292225110,https://www.tesco.com/groceries/en-GB/products/292225110,£ 0.69,£0.14/each
Rosedene Farms Blackberries 150G,Fresh Food,Fresh Fruit,292249370,https://www.tesco.com/groceries/en-GB/products/292249370,£ 1.39,£9.27/kg
Suntrail Farms Soft Citrus Pack 600G,Fresh Food,Fresh Fruit,292216000,https://www.tesco.com/groceries/en-GB/products/292216000,£ 0.69,£1.15/kg
Suntrail Farms Ripen At Home Plum 400G,Fresh Food,Fresh Fruit,292275580,https://www.tesco.com/groceries/en-GB/products/292275580,£ 0.59,£1.48/kg
Wholefood Pine Nuts 100G,Fresh Food,Fresh Fruit,254142569,https://www.tesco.com/groceries/en-GB/products/254142569,£ 3.60,£36.00/kg
Tesco Almonds 200G,Fresh Food,Fresh Fruit,266357101,https://www.tesco.com/groceries/en-GB/products/266357101,£ 2.50,£12.50/kg
Tesco Cashew Nuts 200G,Fresh Food,Fresh Fruit,266376222,https://www.tesco.com/groceries/en-GB/products/266376222,£ 2.50,£12.50/kg
Eat Me Dates Deglet Nourishing Pitted 200G,Fresh Food,Fresh Fruit,284196413,https://www.tesco.com/groceries/en-GB/products/284196413,£ 2.00,£10.00/kg
Tesco Brazil Nuts 200G,Fresh Food,Fresh Fruit,302685533,https://www.tesco.com/groceries/en-GB/products/302685533,£ 2.50,£12.50/kg
Tesco Organic Medjool Dates 200G,Fresh Food,Fresh Fruit,250281502,https://www.tesco.com/groceries/en-GB/products/250281502,£ 2.50,£12.50/kg
Tesco Watermelon Wedges 550G,Fresh Food,Fresh Fruit,287594559,https://www.tesco.com/groceries/en-GB/products/287594559,£ 2.50,£4.55/kg
Tesco Berry Medley 240G,Fresh Food,Fresh Fruit,302972406,https://www.tesco.com/groceries/en-GB/products/302972406,£ 2.25,£9.38/kg
Tesco Soft Pitted Dates 250G,Fresh Food,Fresh Fruit,274171043,https://www.tesco.com/groceries/en-GB/products/274171043,£ 1.75,£7.00/kg
Gala Apples Class 1 Loose,Fresh Food,Fresh Fruit,253559147,https://www.tesco.com/groceries/en-GB/products/253559147,£ 0.43,£2.70/kg
Tesco Sunflower Seeds 150G,Fresh Food,Fresh Fruit,266386982,https://www.tesco.com/groceries/en-GB/products/266386982,£ 1.00,£6.67/kg
Tesco Coriander 100G,Fresh Food,Fresh Vegetables,252474219,https://www.tesco.com/groceries/en-GB/products/252474219,£ 1.25,£0.12/10g
Tesco Finest British Red Potatoes 2Kg,Fresh Food,Fresh Vegetables,304792155,https://www.tesco.com/groceries/en-GB/products/304792155,£ 1.85,£0.92/kg
Pak Choi 250G,Fresh Food,Fresh Vegetables,252895723,https://www.tesco.com/groceries/en-GB/products/252895723,£ 1.30,£5.20/kg
Tesco Family Pack Chestnut Mushroom 485G,Fresh Food,Fresh Vegetables,296652420,https://www.tesco.com/groceries/en-GB/products/296652420,£ 1.85,£3.82/kg
Finest Echalion Shallots 400G,Fresh Food,Fresh Vegetables,259098826,https://www.tesco.com/groceries/en-GB/products/259098826,£ 1.20,£3.00/kg
Leeks Loose Class 2,Fresh Food,Fresh Vegetables,253555998,https://www.tesco.com/groceries/en-GB/products/253555998,£ 0.50,£2.00/kg
Cauliflower Extra Large Each,Fresh Food,Fresh Vegetables,254973708,https://www.tesco.com/groceries/en-GB/products/254973708,£ 1.90,£1.90/each
Tesco Tenderstem & Mixed Vegetables 160G,Fresh Food,Fresh Vegetables,297682889,https://www.tesco.com/groceries/en-GB/products/297682889,,
Tesco Vegetable & Beansprout Stir Fry 320G,Fresh Food,Fresh Vegetables,308856800,https://www.tesco.com/groceries/en-GB/products/308856800,£ 1.10,£3.44/kg
Tesco Beansprouts 300G,Fresh Food,Fresh Vegetables,290981552,https://www.tesco.com/groceries/en-GB/products/290981552,£ 0.71,£2.37/kg
Tesco Mediterranean Style Roasting Vegetable 400G,Fresh Food,Fresh Vegetables,302319790,https://www.tesco.com/groceries/en-GB/products/302319790,£ 1.75,£4.38/kg
Tesco Crispy Slices 350G,Fresh Food,Fresh Vegetables,277884433,https://www.tesco.com/groceries/en-GB/products/277884433,£ 1.50,£4.29/kg
Tesco Vegetable Stir Fry 320G,Fresh Food,Fresh Vegetables,301226624,https://www.tesco.com/groceries/en-GB/products/301226624,£ 1.10,£3.44/kg
Tesco Diced Onion 400G,Fresh Food,Fresh Vegetables,294007399,https://www.tesco.com/groceries/en-GB/products/294007399,£ 1.00,£2.50/kg
Tesco Chestnut Baby Button Mushrooms 150G,Fresh Food,Fresh Vegetables,293821231,https://www.tesco.com/groceries/en-GB/products/293821231,£ 1.00,£6.67/kg
Tesco Cauliflower & Broccoli Florets 400G (M),Fresh Food,Fresh Vegetables,276775218,https://www.tesco.com/groceries/en-GB/products/276775218,£ 1.09,£2.73/kg
Tesco Peeled Baby Sprouts 180G,Fresh Food,Fresh Vegetables,277973967,https://www.tesco.com/groceries/en-GB/products/277973967,£ 1.10,£6.12/kg
Tesco Chantenay Carrots 500G,Fresh Food,Fresh Vegetables,279525234,https://www.tesco.com/groceries/en-GB/products/279525234,£ 1.00,£2.00/kg
Tesco Tenderstem Broccoli Tips 120G,Fresh Food,Fresh Vegetables,280108932,https://www.tesco.com/groceries/en-GB/products/280108932,,
Tesco Baby Spinach 220G,Fresh Food,Fresh Vegetables,304401971,https://www.tesco.com/groceries/en-GB/products/304401971,,
Tesco Mixed Chillies 65G,Fresh Food,Fresh Vegetables,262453391,https://www.tesco.com/groceries/en-GB/products/262453391,£ 0.64,£9.85/kg
Tesco Baby Potatoes With Herb Butter 360G,Fresh Food,Fresh Vegetables,272336935,https://www.tesco.com/groceries/en-GB/products/272336935,£ 1.00,£2.78/kg
Tesco Ginger 125G,Fresh Food,Fresh Vegetables,263388823,https://www.tesco.com/groceries/en-GB/products/263388823,£ 0.99,£7.92/kg
Redmere Farms Red Onion 1Kg,Fresh Food,Fresh Vegetables,292276416,https://www.tesco.com/groceries/en-GB/products/292276416,£ 0.70,£0.70/kg
Wholefood Roasted Monkey Nuts 250G,Fresh Food,Fresh Fruit,256056991,https://www.tesco.com/groceries/en-GB/products/256056991,£ 1.25,£5.00/kg
Tesco Pomegranate 250G,Fresh Food,Fresh Fruit,295747045,https://www.tesco.com/groceries/en-GB/products/295747045,£ 2.50,£10.00/kg
Tesco Cox Apple Minimum 5 Pack,Fresh Food,Fresh Fruit,284475953,https://www.tesco.com/groceries/en-GB/products/284475953,£ 1.70,£0.34/each
Tesco Soft Apricots 250G,Fresh Food,Fresh Fruit,258057537,https://www.tesco.com/groceries/en-GB/products/258057537,£ 1.75,£7.00/kg
Granny Smith Apples Class 1 Loose,Fresh Food,Fresh Fruit,253557316,https://www.tesco.com/groceries/en-GB/products/253557316,£ 0.43,£2.70/kg
Tesco Large Fruit Platter 350G,Fresh Food,Fresh Fruit,302972061,https://www.tesco.com/groceries/en-GB/products/302972061,£ 2.50,£7.15/kg
Tesco Pomegrante Seeds 80G,Fresh Food,Fresh Fruit,260383764,https://www.tesco.com/groceries/en-GB/products/260383764,£ 1.15,£14.38/kg
Melon & Pineapple Finger 300G,Fresh Food,Fresh Fruit,274983482,https://www.tesco.com/groceries/en-GB/products/274983482,£ 2.25,£7.50/kg
Tesco Finest Green Grapes Seedless 400G,Fresh Food,Fresh Fruit,308859578,https://www.tesco.com/groceries/en-GB/products/308859578,£ 2.00,£5.00/kg
Tesco Organic Seasonal Apples,Fresh Food,Fresh Fruit,306935710,https://www.tesco.com/groceries/en-GB/products/306935710,£ 2.25,£0.56/each
Tesco Pineapple Chunks 145G,Fresh Food,Fresh Fruit,302971678,https://www.tesco.com/groceries/en-GB/products/302971678,£ 1.15,£7.94/kg
Tesco Pumpkin Seeds 150G,Fresh Food,Fresh Fruit,266387140,https://www.tesco.com/groceries/en-GB/products/266387140,£ 1.00,£6.67/kg
Tesco Mixed Nuts & Pecans 25G,Fresh Food,Fresh Fruit,299497679,https://www.tesco.com/groceries/en-GB/products/299497679,£ 0.55,£22.00/kg
Tesco Organic Raspberries 150G,Fresh Food,Fresh Fruit,309450846,https://www.tesco.com/groceries/en-GB/products/309450846,£ 2.50,£16.67/kg
Tesco Mango Chunks 120G,Fresh Food,Fresh Fruit,299045691,https://www.tesco.com/groceries/en-GB/products/299045691,,
Tesco Ripe And Ready 2 Pack Mango,Fresh Food,Fresh Fruit,260276321,https://www.tesco.com/groceries/en-GB/products/260276321,£ 1.70,£0.85/each
Tesco Cashew Nuts Snack Pack 60G,Fresh Food,Fresh Fruit,283111735,https://www.tesco.com/groceries/en-GB/products/283111735,£ 1.00,£1.67/100g
Tesco Figs Minimum 3 Pack,Fresh Food,Fresh Fruit,272897950,https://www.tesco.com/groceries/en-GB/products/272897950,£ 2.00,£0.67/each
Tesco Blueberries 500G,Fresh Food,Fresh Fruit,301514109,https://www.tesco.com/groceries/en-GB/products/301514109,£ 4.50,£9.00/kg
Tesco Snack Pack Mango 35G,Fresh Food,Fresh Fruit,302685683,https://www.tesco.com/groceries/en-GB/products/302685683,£ 1.00,£28.58/kg
Pomegranates Each,Fresh Food,Fresh Fruit,253554982,https://www.tesco.com/groceries/en-GB/products/253554982,£ 1.25,£1.25/each
Tesco Rhubarb 400G Pack Class 1,Fresh Food,Fresh Fruit,252946036,https://www.tesco.com/groceries/en-GB/products/252946036,£ 1.50,£3.75/kg
Tesco Fruit And Nut 200G,Fresh Food,Fresh Fruit,266387520,https://www.tesco.com/groceries/en-GB/products/266387520,£ 2.50,£12.50/kg
Tesco Pineapple Chunks 270G,Fresh Food,Fresh Fruit,302971655,https://www.tesco.com/groceries/en-GB/products/302971655,£ 2.25,£8.34/kg
Tesco Mangetout 160G,Fresh Food,Fresh Vegetables,307349901,https://www.tesco.com/groceries/en-GB/products/307349901,,
Tesco Mint 30G,Fresh Food,Fresh Vegetables,259095864,https://www.tesco.com/groceries/en-GB/products/259095864,£ 0.47,£0.16/10g
Redmere Farms Baby Potato 1Kg,Fresh Food,Fresh Vegetables,292285244,https://www.tesco.com/groceries/en-GB/products/292285244,£ 0.95,£0.95/kg
King Edward Potatoes 2.5Kg,Fresh Food,Fresh Vegetables,258423726,https://www.tesco.com/groceries/en-GB/products/258423726,£ 1.50,£0.60/kg
Perfectly Imperfect Parsnips 500G,Fresh Food,Fresh Vegetables,292310843,https://www.tesco.com/groceries/en-GB/products/292310843,£ 0.39,£0.78/kg
Redmere Farms Fresh Greens,Fresh Food,Fresh Vegetables,292277450,https://www.tesco.com/groceries/en-GB/products/292277450,£ 0.65,£1.30/kg
Tesco Red Cabbage Each,Fresh Food,Fresh Vegetables,294070184,https://www.tesco.com/groceries/en-GB/products/294070184,£ 0.59,£0.59/each
Perfectly Imperfect Potatoes 2.5Kg,Fresh Food,Fresh Vegetables,292332517,https://www.tesco.com/groceries/en-GB/products/292332517,£ 0.89,£0.36/kg
Tesco Perfectly Imperfect Carrots 1.5Kg,Fresh Food,Fresh Vegetables,305964008,https://www.tesco.com/groceries/en-GB/products/305964008,£ 0.45,£0.30/kg
Tesco Fine Beans & Tenderstem Broccoli 210G,Fresh Food,Fresh Vegetables,282151147,https://www.tesco.com/groceries/en-GB/products/282151147,£ 1.75,£8.34/kg
Redmere Farms Brussels Sprouts 300G,Fresh Food,Fresh Vegetables,297116750,https://www.tesco.com/groceries/en-GB/products/297116750,£ 0.47,£1.57/kg
Tesco Jersey Royal Potatoes 1Kg,Fresh Food,Fresh Vegetables,250718828,https://www.tesco.com/groceries/en-GB/products/250718828,£ 2.50,£2.50/kg
Tesco Mixed Vegetables 225G,Fresh Food,Fresh Vegetables,293905363,https://www.tesco.com/groceries/en-GB/products/293905363,£ 1.50,£6.67/kg
Tesco Flat Leaf Parsley 100G,Fresh Food,Fresh Vegetables,257482311,https://www.tesco.com/groceries/en-GB/products/257482311,£ 1.25,£0.12/10g
Tesco Seasonal New Potatoes 750G,Fresh Food,Fresh Vegetables,282525642,https://www.tesco.com/groceries/en-GB/products/282525642,£ 1.25,£1.67/kg
Tesco Finest Chunky Chips 449G,Fresh Food,Fresh Vegetables,305830841,https://www.tesco.com/groceries/en-GB/products/305830841,£ 2.60,£5.80/kg
Tesco Medium Pot Basil,Fresh Food,Fresh Vegetables,256180514,https://www.tesco.com/groceries/en-GB/products/256180514,£ 1.25,£1.25/each
Tesco Portobello Flat Mushrooms 150G,Fresh Food,Fresh Vegetables,290392530,https://www.tesco.com/groceries/en-GB/products/290392530,£ 1.00,£6.67/kg
Tesco Sweet Chilli Stir Fry Sauce 180G,Fresh Food,Fresh Vegetables,290819683,https://www.tesco.com/groceries/en-GB/products/290819683,£ 1.00,£5.56/kg
Tesco Mushroom Stir Fry Mix 320G,Fresh Food,Fresh Vegetables,308481684,https://www.tesco.com/groceries/en-GB/products/308481684,£ 1.25,£3.91/kg
Tesco Crispy Sweet Potato Fries 300G,Fresh Food,Fresh Vegetables,299927310,https://www.tesco.com/groceries/en-GB/products/299927310,£ 2.00,£6.67/kg
Tesco Spinach 500G,Fresh Food,Fresh Vegetables,275549004,https://www.tesco.com/groceries/en-GB/products/275549004,£ 1.77,£3.54/kg
Tesco Chinese Stir Fry Sauce 180G,Fresh Food,Fresh Vegetables,290819648,https://www.tesco.com/groceries/en-GB/products/290819648,£ 1.00,£5.56/kg
Tesco Chinese Inspired Stir Fry Mix 320G,Fresh Food,Fresh Vegetables,301226549,https://www.tesco.com/groceries/en-GB/products/301226549,£ 1.60,£0.50/100g
Tesco Hazelnuts 200G,Fresh Food,Fresh Fruit,266374921,https://www.tesco.com/groceries/en-GB/products/266374921,£ 2.50,£12.50/kg
Tesco Pistachio Nuts 200G,Fresh Food,Fresh Fruit,266375344,https://www.tesco.com/groceries/en-GB/products/266375344,£ 2.50,£12.50/kg
Tesco Pineapple 500G,Fresh Food,Fresh Fruit,287872392,https://www.tesco.com/groceries/en-GB/products/287872392,£ 2.60,£5.20/kg
"Tesco Apple Mango, Strawberry & Raspberry 220G",Fresh Food,Fresh Fruit,308483244,https://www.tesco.com/groceries/en-GB/products/308483244,£ 2.25,£10.23/kg
Tesco Kiwi Strawberry & Melon 260G,Fresh Food,Fresh Fruit,302972683,https://www.tesco.com/groceries/en-GB/products/302972683,£ 2.25,£8.66/kg
Tesco Finest Apples Minimum 4 Pack,Fresh Food,Fresh Fruit,307761343,https://www.tesco.com/groceries/en-GB/products/307761343,£ 2.00,£0.50/each
Tesco Tropical Tray 250G,Fresh Food,Fresh Fruit,302972366,https://www.tesco.com/groceries/en-GB/products/302972366,£ 2.25,£9.00/kg
Tesco Finest Roasted Nut Selection 190G,Fresh Food,Fresh Fruit,302677029,https://www.tesco.com/groceries/en-GB/products/302677029,£ 3.00,£15.79/kg
Wholefood Dried Mango 100G,Fresh Food,Fresh Fruit,260733201,https://www.tesco.com/groceries/en-GB/products/260733201,£ 1.75,£17.50/kg
Tesco Melon Slices 450G,Fresh Food,Fresh Fruit,277053207,https://www.tesco.com/groceries/en-GB/products/277053207,£ 2.25,£5.00/kg
Tesco Flax Seeds 150G,Fresh Food,Fresh Fruit,290594532,https://www.tesco.com/groceries/en-GB/products/290594532,£ 1.00,£6.67/kg
Jordan River Dates 800G,Fresh Food,Fresh Fruit,297186889,https://www.tesco.com/groceries/en-GB/products/297186889,£ 3.20,£4.00/kg
Tesco Milled Flax Seed Mix 175G,Fresh Food,Fresh Fruit,302677255,https://www.tesco.com/groceries/en-GB/products/302677255,£ 1.75,£10.00/kg
Tesco Soft Figs 250G,Fresh Food,Fresh Fruit,258058058,https://www.tesco.com/groceries/en-GB/products/258058058,£ 1.75,£7.00/kg
Tesco Grape & Strawberry 125G,Fresh Food,Fresh Fruit,302972487,https://www.tesco.com/groceries/en-GB/products/302972487,£ 1.15,£9.20/kg
Tesco Wholefoods Prunes 250G,Fresh Food,Fresh Fruit,258056187,https://www.tesco.com/groceries/en-GB/products/258056187,£ 1.75,£7.00/kg
Tesco Fruit & Nut Snack Pot 55G,Fresh Food,Fresh Fruit,302677353,https://www.tesco.com/groceries/en-GB/products/302677353,£ 1.00,£1.82/100g
Tesco Mixed Berries 25G,Fresh Food,Fresh Fruit,299497719,https://www.tesco.com/groceries/en-GB/products/299497719,£ 0.55,£22.00/kg
Tesco Milled Flax Pumpkin & Chia Seed Mix 175G,Fresh Food,Fresh Fruit,302677278,https://www.tesco.com/groceries/en-GB/products/302677278,£ 1.75,£10.00/kg
Tesco Rainforest Alliance Coconut Each,Fresh Food,Fresh Fruit,253554452,https://www.tesco.com/groceries/en-GB/products/253554452,£ 1.00,£1.00/each
Tesco Supersweet Peach Perfectly Ripe Minimum 3 Pack,Fresh Food,Fresh Fruit,253557869,https://www.tesco.com/groceries/en-GB/products/253557869,£ 2.15,£0.72/each
Tesco Cherries Punnet 200G,Fresh Food,Fresh Fruit,266291241,https://www.tesco.com/groceries/en-GB/products/266291241,£ 3.00,£15.00/kg
Tesco Fruit & Nut Shot 25G,Fresh Food,Fresh Fruit,302677128,https://www.tesco.com/groceries/en-GB/products/302677128,£ 0.55,£22.00/kg
Tesco Melon & Grape 150G,Fresh Food,Fresh Fruit,302972245,https://www.tesco.com/groceries/en-GB/products/302972245,£ 1.15,£7.67/kg
Tesco Plum & Hoisin Stir Fry Sauce 180G,Fresh Food,Fresh Vegetables,290819660,https://www.tesco.com/groceries/en-GB/products/290819660,£ 1.00,£5.56/kg
Tesco Teriyaki Stir Fry Sauce 180G,Fresh Food,Fresh Vegetables,301339197,https://www.tesco.com/groceries/en-GB/products/301339197,£ 1.00,£5.56/kg
Tesco Sliced Spring Greens 240G,Fresh Food,Fresh Vegetables,277971537,https://www.tesco.com/groceries/en-GB/products/277971537,£ 1.30,£5.42/kg
Tesco Fennel 250G,Fresh Food,Fresh Vegetables,305037277,https://www.tesco.com/groceries/en-GB/products/305037277,£ 1.20,£4.80/kg
Tesco Finest All Rounder Potatoes 2Kg,Fresh Food,Fresh Vegetables,304794055,https://www.tesco.com/groceries/en-GB/products/304794055,,
Tesco Pepper Stir Fry Mix 320G,Fresh Food,Fresh Vegetables,308479457,https://www.tesco.com/groceries/en-GB/products/308479457,£ 1.25,£3.91/kg
Tesco Cheese And Garlic Stuffed Mushrooms 200G,Fresh Food,Fresh Vegetables,303261342,https://www.tesco.com/groceries/en-GB/products/303261342,£ 2.00,£10.00/kg
Tesco Runner Beans 180G,Fresh Food,Fresh Vegetables,293953495,https://www.tesco.com/groceries/en-GB/products/293953495,£ 1.20,£6.67/kg
Tesco Root Vegetable Mash 425G,Fresh Food,Fresh Vegetables,280218827,https://www.tesco.com/groceries/en-GB/products/280218827,£ 0.93,£2.19/kg
Tesco Sliced Mushrooms 250G,Fresh Food,Fresh Vegetables,287571051,https://www.tesco.com/groceries/en-GB/products/287571051,£ 1.00,£4.00/kg
Edamame Beans 150G,Fresh Food,Fresh Vegetables,279684822,https://www.tesco.com/groceries/en-GB/products/279684822,£ 1.30,£8.67/kg
Tesco Red Potatoes 1.25Kg,Fresh Food,Fresh Vegetables,305986282,https://www.tesco.com/groceries/en-GB/products/305986282,£ 1.00,£0.80/kg
Tesco Mini Carrots 320G,Fresh Food,Fresh Vegetables,277941239,https://www.tesco.com/groceries/en-GB/products/277941239,£ 1.00,£3.13/kg
Redmere Farms Mushrooms 380G,Fresh Food,Fresh Vegetables,292199951,https://www.tesco.com/groceries/en-GB/products/292199951,£ 0.76,£2.00/kg
Tesco Tendersweet Carrots 150G,Fresh Food,Fresh Vegetables,279627298,https://www.tesco.com/groceries/en-GB/products/279627298,£ 1.20,£8.00/kg
Tesco Organic White Mushrooms 290G,Fresh Food,Fresh Vegetables,277248006,https://www.tesco.com/groceries/en-GB/products/277248006,£ 1.05,£3.63/kg
Tesco Singapore Noodles 300G,Fresh Food,Fresh Vegetables,290981362,https://www.tesco.com/groceries/en-GB/products/290981362,£ 1.25,£4.17/kg
Tesco Traditional Sliced Runner Beans 160G,Fresh Food,Fresh Vegetables,301194326,https://www.tesco.com/groceries/en-GB/products/301194326,£ 1.50,£9.38/kg
Tesco Fresh Cut Curled Parsley 30G,Fresh Food,Fresh Vegetables,292686720,https://www.tesco.com/groceries/en-GB/products/292686720,£ 0.47,£0.16/10g
Tesco Red Potato 2.5Kg,Fresh Food,Fresh Vegetables,297543409,https://www.tesco.com/groceries/en-GB/products/297543409,£ 1.35,£0.54/kg
Tesco Large Broccoli Pack 500G,Fresh Food,Fresh Vegetables,272852905,https://www.tesco.com/groceries/en-GB/products/272852905,£ 0.85,£1.70/kg
Tesco Parmentier Potatoes 400G,Fresh Food,Fresh Vegetables,305055877,https://www.tesco.com/groceries/en-GB/products/305055877,£ 2.00,£5.00/kg
Tesco Organic Courgettes 3 Pack,Fresh Food,Fresh Vegetables,262018816,https://www.tesco.com/groceries/en-GB/products/262018816,£ 2.00,£0.67/each
Loose Closed Cup Mushrooms,Fresh Food,Fresh Vegetables,253560219,https://www.tesco.com/groceries/en-GB/products/253560219,£ 0.06,£3.17/kg
Tesco Snack Pack Soft Apricots 50G,Fresh Food,Fresh Fruit,302685769,https://www.tesco.com/groceries/en-GB/products/302685769,£ 0.85,£17.00/kg
Tesco Almonds 25G,Fresh Food,Fresh Fruit,299497656,https://www.tesco.com/groceries/en-GB/products/299497656,£ 0.55,£2.20/100g
Tesco Organic Kiwi 4 Pack,Fresh Food,Fresh Fruit,256644151,https://www.tesco.com/groceries/en-GB/products/256644151,£ 1.20,£0.30/each
Tesco Peaches Minimum 4 Pack,Fresh Food,Fresh Fruit,296057670,https://www.tesco.com/groceries/en-GB/products/296057670,£ 2.00,£0.50/each
Tesco Snacking Pistachio 50G,Fresh Food,Fresh Fruit,287219084,https://www.tesco.com/groceries/en-GB/products/287219084,£ 1.00,£20.00/kg
Tesco Chocolate Fruit & Nut Mix Snack Pack 60G,Fresh Food,Fresh Fruit,283112187,https://www.tesco.com/groceries/en-GB/products/283112187,£ 1.00,£16.67/kg
Suntrail Farms Fruit Salad 200G,Fresh Food,Fresh Fruit,302971943,https://www.tesco.com/groceries/en-GB/products/302971943,£ 0.85,£4.25/kg
Tesco Salt & Pepper Nut Mix Snack Pack 55G,Fresh Food,Fresh Fruit,283112072,https://www.tesco.com/groceries/en-GB/products/283112072,£ 1.00,£18.19/kg
Tesco Brazil Nuts Snack Pack 60G,Fresh Food,Fresh Fruit,283111885,https://www.tesco.com/groceries/en-GB/products/283111885,£ 1.00,£1.67/100g
Tesco Finest Medjool Date Selection 335G,Fresh Food,Fresh Fruit,310693655,https://www.tesco.com/groceries/en-GB/products/310693655,£ 10.00,£29.86/kg
Tesco Organic Walnuts 100G,Fresh Food,Fresh Fruit,261834005,https://www.tesco.com/groceries/en-GB/products/261834005,£ 3.00,£30.00/kg
Tesco Cashew & Raisins 200G,Fresh Food,Fresh Fruit,302716227,https://www.tesco.com/groceries/en-GB/products/302716227,£ 2.50,£12.50/kg
Tesco Finest Fruit & Nut 190G,Fresh Food,Fresh Fruit,302676982,https://www.tesco.com/groceries/en-GB/products/302676982,£ 3.00,£15.79/kg
Tesco Organic Fair Trade Cashew Nuts 150G,Fresh Food,Fresh Fruit,260942646,https://www.tesco.com/groceries/en-GB/products/260942646,£ 3.00,£20.00/kg
Tesco Organic Mixed Nuts 200G,Fresh Food,Fresh Fruit,258580504,https://www.tesco.com/groceries/en-GB/products/258580504,£ 3.00,£15.00/kg
Tesco Finest Lime Infused Mango 100G,Fresh Food,Fresh Fruit,309765128,https://www.tesco.com/groceries/en-GB/products/309765128,£ 3.00,£30.00/kg
Tesco Finest Belgian Dark Chocolate Brazil Nuts 225G,Fresh Food,Fresh Fruit,304383144,https://www.tesco.com/groceries/en-GB/products/304383144,£ 4.00,£1.78/100g
Tesco Cranberries 100G,Fresh Food,Fresh Fruit,308870949,https://www.tesco.com/groceries/en-GB/products/308870949,£ 1.75,£17.50/kg
Tesco Pink Lady Apple Doy Bag 350G,Fresh Food,Fresh Fruit,302947875,https://www.tesco.com/groceries/en-GB/products/302947875,£ 2.40,£6.86/kg
Tesco Finest Medjool & Zamli Dates 400G,Fresh Food,Fresh Fruit,297685391,https://www.tesco.com/groceries/en-GB/products/297685391,£ 4.50,£11.25/kg
Tesco Goji Berries 100G,Fresh Food,Fresh Fruit,262860352,https://www.tesco.com/groceries/en-GB/products/262860352,£ 1.75,£17.50/kg
Tesco Fruit Salad Selection 435G,Fresh Food,Fresh Fruit,308454819,https://www.tesco.com/groceries/en-GB/products/308454819,£ 3.50,£8.05/kg
Tesco Pecan Nuts 100G,Fresh Food,Fresh Fruit,266375275,https://www.tesco.com/groceries/en-GB/products/266375275,£ 2.00,£20.00/kg
Tesco Organic Almonds 200 G,Fresh Food,Fresh Fruit,266356851,https://www.tesco.com/groceries/en-GB/products/266356851,£ 3.00,£15.00/kg
Tesco Mini Roast Potatoes 500G,Fresh Food,Fresh Vegetables,299965759,https://www.tesco.com/groceries/en-GB/products/299965759,£ 2.00,£4.00/kg
Tesco Medium Pot Coriander,Fresh Food,Fresh Vegetables,256220670,https://www.tesco.com/groceries/en-GB/products/256220670,£ 1.25,£1.25/each
Tesco Finest Cavolo Nero Kale 200G,Fresh Food,Fresh Vegetables,305053885,https://www.tesco.com/groceries/en-GB/products/305053885,£ 1.50,£7.50/kg
Tesco Bird Eye Chillies 25G Price Marked,Fresh Food,Fresh Vegetables,255737636,https://www.tesco.com/groceries/en-GB/products/255737636,£ 0.90,£36.00/kg
Tesco Organic Garlic 3 Pack,Fresh Food,Fresh Vegetables,263943986,https://www.tesco.com/groceries/en-GB/products/263943986,£ 1.00,£0.33/each
Tesco Broccoli Florets 240G,Fresh Food,Fresh Vegetables,277967105,https://www.tesco.com/groceries/en-GB/products/277967105,£ 1.50,£6.25/kg
Tesco Organic Brown Onion 750G,Fresh Food,Fresh Vegetables,268597343,https://www.tesco.com/groceries/en-GB/products/268597343,£ 1.25,£1.67/kg
Tesco Finest Shiitake Mushrooms 125G,Fresh Food,Fresh Vegetables,273664769,https://www.tesco.com/groceries/en-GB/products/273664769,£ 1.65,£13.20/kg
Tesco Organic Chestnut Mushrooms 250 G,Fresh Food,Fresh Vegetables,254707265,https://www.tesco.com/groceries/en-GB/products/254707265,£ 1.35,£5.40/kg
Tesco Sliced Red Onion 180G,Fresh Food,Fresh Vegetables,292632440,https://www.tesco.com/groceries/en-GB/products/292632440,£ 1.00,£5.56/kg
Redmere Farms Asparagus 170G,Fresh Food,Fresh Vegetables,292276445,https://www.tesco.com/groceries/en-GB/products/292276445,£ 1.29,£7.59/kg
Tesco Finest Tenderstem & Asparagus With Wild Garlic Butter 260G,Fresh Food,Fresh Vegetables,309775266,https://www.tesco.com/groceries/en-GB/products/309775266,£ 2.25,£8.66/kg
Tesco Growing Mint Large Pot,Fresh Food,Fresh Vegetables,261718731,https://www.tesco.com/groceries/en-GB/products/261718731,£ 1.25,£1.25/each
Tesco Katsu Curry Sauce 180G,Fresh Food,Fresh Vegetables,306941322,https://www.tesco.com/groceries/en-GB/products/306941322,£ 1.00,£5.56/kg
Tesco Shallots Onions 400G,Fresh Food,Fresh Vegetables,290711055,https://www.tesco.com/groceries/en-GB/products/290711055,£ 1.20,£3.00/kg
Tesco Organic Baby Potatoes 750G,Fresh Food,Fresh Vegetables,288043433,https://www.tesco.com/groceries/en-GB/products/288043433,£ 1.10,£1.47/kg
Tesco Peeled Potatoes 700G,Fresh Food,Fresh Vegetables,260999122,https://www.tesco.com/groceries/en-GB/products/260999122,£ 1.00,£1.43/kg
Albert Bartlett Creamy Mashed Potato 400G,Fresh Food,Fresh Vegetables,309754130,https://www.tesco.com/groceries/en-GB/products/309754130,£ 1.25,£3.13/kg
Tesco Potatoes With Garlic Butter 360G,Fresh Food,Fresh Vegetables,305247282,https://www.tesco.com/groceries/en-GB/products/305247282,£ 1.00,£2.78/kg
Tesco Finest Jubilee Asparagus 160G,Fresh Food,Fresh Vegetables,283467325,https://www.tesco.com/groceries/en-GB/products/283467325,£ 2.50,£15.63/kg
Tesco Coriander Bunches 150G,Fresh Food,Fresh Vegetables,254948175,https://www.tesco.com/groceries/en-GB/products/254948175,£ 1.25,£0.08/10g
Tesco Sliced Greens 300G,Fresh Food,Fresh Vegetables,273718534,https://www.tesco.com/groceries/en-GB/products/273718534,£ 1.25,£4.17/kg
Tesco Stuffed Peppers 320G,Fresh Food,Fresh Vegetables,306816120,https://www.tesco.com/groceries/en-GB/products/306816120,£ 2.00,£6.25/kg
Tesco Jersey Royal Potatoes 450G,Fresh Food,Fresh Vegetables,258142494,https://www.tesco.com/groceries/en-GB/products/258142494,£ 1.85,£4.12/kg
"Tesco Melon, Grape Kiwi, Strawberry & Pomegranate 285G",Fresh Food,Fresh Fruit,302973019,https://www.tesco.com/groceries/en-GB/products/302973019,£ 2.25,£7.90/kg
Tesco Organic Pink Lady Apples 440G,Fresh Food,Fresh Fruit,293171580,https://www.tesco.com/groceries/en-GB/products/293171580,£ 2.50,£5.69/kg
Tesco Strawberry Banana Grape Apple 230G,Fresh Food,Fresh Fruit,295770402,https://www.tesco.com/groceries/en-GB/products/295770402,£ 2.25,£9.79/kg
Tesco Supersweet Nectarine Perfectly Ripe Mineral 3 Pack,Fresh Food,Fresh Fruit,253557846,https://www.tesco.com/groceries/en-GB/products/253557846,£ 2.00,£0.67/each
Tesco Wasabi Peas 40G,Fresh Food,Fresh Fruit,306930312,https://www.tesco.com/groceries/en-GB/products/306930312,£ 1.00,£25.00/kg
Jaffa Seedless Lemons Minimum 4Pack,Fresh Food,Fresh Fruit,309172075,https://www.tesco.com/groceries/en-GB/products/309172075,£ 1.50,£0.38/each
Tesco Tropical Mix 160G,Fresh Food,Fresh Fruit,302685470,https://www.tesco.com/groceries/en-GB/products/302685470,£ 1.75,£10.94/kg
Tesco Pink Lady Apple Pot 80G,Fresh Food,Fresh Fruit,301513394,https://www.tesco.com/groceries/en-GB/products/301513394,£ 1.15,£1.44/100g
Tesco Apple & Strawberry 100G,Fresh Food,Fresh Fruit,305983158,https://www.tesco.com/groceries/en-GB/products/305983158,£ 1.15,£11.50/kg
Tesco Organic Unwaxed Oranges,Fresh Food,Fresh Fruit,255582121,https://www.tesco.com/groceries/en-GB/products/255582121,£ 1.30,£0.32/each
Tesco Snack Pack Almonds 60G,Fresh Food,Fresh Fruit,267264900,https://www.tesco.com/groceries/en-GB/products/267264900,£ 1.00,£16.67/kg
Tesco Seasonal Seasonal Apples Mineral 5 Pack,Fresh Food,Fresh Fruit,309753989,https://www.tesco.com/groceries/en-GB/products/309753989,£ 2.00,£0.40/each
Tesco Roasted Nut Mix 45G,Fresh Food,Fresh Fruit,268954572,https://www.tesco.com/groceries/en-GB/products/268954572,£ 1.00,£22.23/kg
Tesco Organic Ripe & Ready Pears 550G,Fresh Food,Fresh Fruit,287024636,https://www.tesco.com/groceries/en-GB/products/287024636,£ 2.50,£4.55/kg
The Chia Company Black Chia Seed 453G,Fresh Food,Fresh Fruit,297609517,https://www.tesco.com/groceries/en-GB/products/297609517,£ 10.00,£22.08/kg
Tesco Finest Hickory Smoked Nut Selection 225G,Fresh Food,Fresh Fruit,280418032,https://www.tesco.com/groceries/en-GB/products/280418032,£ 4.00,£17.78/kg
Tesco Organic Fair Trade Brazil Nuts 150G,Fresh Food,Fresh Fruit,258701017,https://www.tesco.com/groceries/en-GB/products/258701017,£ 3.00,£20.00/kg
Tesco Winter Fruit Salad 455G,Fresh Food,Fresh Fruit,304398806,https://www.tesco.com/groceries/en-GB/products/304398806,£ 3.00,£6.60/kg
Tesco Smoky Paprika Crunch 45G,Fresh Food,Fresh Fruit,306937034,https://www.tesco.com/groceries/en-GB/products/306937034,£ 1.00,£2.23/100g
Tesco Flat Peach Minimum 4 Pack,Fresh Food,Fresh Fruit,268663138,https://www.tesco.com/groceries/en-GB/products/268663138,,
Tesco Organic Cauliflower Each Class 2,Fresh Food,Fresh Vegetables,257479195,https://www.tesco.com/groceries/en-GB/products/257479195,£ 1.75,£1.75/each
Celeriac Catchweight,Fresh Food,Fresh Vegetables,255932007,https://www.tesco.com/groceries/en-GB/products/255932007,£ 1.16,£1.45/kg
Tesco Diced Swede 350G,Fresh Food,Fresh Vegetables,297685615,https://www.tesco.com/groceries/en-GB/products/297685615,£ 0.45,£1.29/kg
Tesco Stir Fry Vegetable Medley 220G,Fresh Food,Fresh Vegetables,264653295,https://www.tesco.com/groceries/en-GB/products/264653295,£ 1.75,£7.96/kg
Tesco Asparagus & Tenderstem Broccoli 190G,Fresh Food,Fresh Vegetables,279647204,https://www.tesco.com/groceries/en-GB/products/279647204,£ 2.00,£10.53/kg
Tesco Rice Noodles 300G,Fresh Food,Fresh Vegetables,290981805,https://www.tesco.com/groceries/en-GB/products/290981805,£ 0.99,£3.30/kg
Tesco Fine Beans 420G,Fresh Food,Fresh Vegetables,307363532,https://www.tesco.com/groceries/en-GB/products/307363532,£ 2.00,£4.77/kg
Tesco Protein Noodles 300G,Fresh Food,Fresh Vegetables,299847531,https://www.tesco.com/groceries/en-GB/products/299847531,£ 0.99,£3.30/kg
Tesco Finest Triple Cooked Chips 400G,Fresh Food,Fresh Vegetables,297660374,https://www.tesco.com/groceries/en-GB/products/297660374,£ 2.60,£6.50/kg
Organic Sweet Potatoes 750G,Fresh Food,Fresh Vegetables,252367214,https://www.tesco.com/groceries/en-GB/products/252367214,£ 2.25,£3.00/kg
Tesco Finest Isabella Basil Medium Pot,Fresh Food,Fresh Vegetables,283668681,https://www.tesco.com/groceries/en-GB/products/283668681,£ 1.50,£1.50/each
Tesco Finest Rosanna Pink Onions 3Pack,Fresh Food,Fresh Vegetables,305975243,https://www.tesco.com/groceries/en-GB/products/305975243,£ 1.20,£0.40/each
Tesco Seasoned Roast Potatoes 800G,Fresh Food,Fresh Vegetables,309757887,https://www.tesco.com/groceries/en-GB/products/309757887,£ 2.00,£2.50/kg
Tesco Organic Spinach 200G,Fresh Food,Fresh Vegetables,250342022,https://www.tesco.com/groceries/en-GB/products/250342022,£ 1.80,£9.00/kg
Tesco Rocket Chillies 250G,Fresh Food,Fresh Vegetables,264013984,https://www.tesco.com/groceries/en-GB/products/264013984,£ 1.75,£7.00/kg
Tesco Medium Pot Curled Parsley,Fresh Food,Fresh Vegetables,256212432,https://www.tesco.com/groceries/en-GB/products/256212432,£ 1.25,£1.25/each
Tesco Imperator Carrot 450G,Fresh Food,Fresh Vegetables,296424875,https://www.tesco.com/groceries/en-GB/products/296424875,£ 1.50,£3.34/kg
Tesco Medium Pot Flat Leaf Parsley,Fresh Food,Fresh Vegetables,257574329,https://www.tesco.com/groceries/en-GB/products/257574329,£ 1.25,£1.25/each
Tesco Extra Large Brown Onions 2 Pack,Fresh Food,Fresh Vegetables,305837079,https://www.tesco.com/groceries/en-GB/products/305837079,£ 1.00,£0.50/each
Tesco Okra 175G,Fresh Food,Fresh Vegetables,260918818,https://www.tesco.com/groceries/en-GB/products/260918818,£ 1.60,£9.15/kg
Tesco Finger Chillies 80G,Fresh Food,Fresh Vegetables,253194105,https://www.tesco.com/groceries/en-GB/products/253194105,£ 1.00,£12.50/kg
Organic Curly Kale 200G,Fresh Food,Fresh Vegetables,252834693,https://www.tesco.com/groceries/en-GB/products/252834693,£ 1.55,£7.75/kg
Cofresh Okra Cut 300G,Fresh Food,Fresh Vegetables,271196116,https://www.tesco.com/groceries/en-GB/products/271196116,£ 1.00,£3.34/kg
Tesco Organic White Potatoes 1.5Kg,Fresh Food,Fresh Vegetables,288043116,https://www.tesco.com/groceries/en-GB/products/288043116,£ 1.50,£1.00/kg
Tesco Red Organic Onions 500G,Fresh Food,Fresh Vegetables,254932061,https://www.tesco.com/groceries/en-GB/products/254932061,£ 1.25,£2.50/kg
Tesco Finest Sliced Cavolo Nero 200G,Fresh Food,Fresh Vegetables,307134699,https://www.tesco.com/groceries/en-GB/products/307134699,£ 1.50,£7.50/kg
Tesco Trimmed Tenderstem Broccoli 80G,Fresh Food,Fresh Vegetables,300537350,https://www.tesco.com/groceries/en-GB/products/300537350,,
Tesco Casserole Vegetable 700G,Fresh Food,Fresh Vegetables,296016910,https://www.tesco.com/groceries/en-GB/products/296016910,£ 1.50,£2.15/kg
Tesco Large Asparagus Bundle,Fresh Food,Fresh Vegetables,303205364,https://www.tesco.com/groceries/en-GB/products/303205364,£ 2.50,£2.50/each
Tesco Cauliflower Florets 240G,Fresh Food,Fresh Vegetables,309743932,https://www.tesco.com/groceries/en-GB/products/309743932,£ 1.30,£5.42/kg
Tesco Choi Sum 200G,Fresh Food,Fresh Vegetables,267908975,https://www.tesco.com/groceries/en-GB/products/267908975,£ 1.20,£6.00/kg
Tesco Thai Lemon Grass Minimum 2 Stems,Fresh Food,Fresh Vegetables,256731301,https://www.tesco.com/groceries/en-GB/products/256731301,£ 0.60,£0.30/each
Tesco Finest Oyster Mushroom Cluster 150G,Fresh Food,Fresh Vegetables,302290699,https://www.tesco.com/groceries/en-GB/products/302290699,£ 1.70,£11.34/kg
Tesco Organic Bunched Carrots 400G,Fresh Food,Fresh Vegetables,307143735,https://www.tesco.com/groceries/en-GB/products/307143735,£ 1.50,£3.75/kg
Tesco Root Vegetable Medley 1Kg,Fresh Food,Fresh Vegetables,285959316,https://www.tesco.com/groceries/en-GB/products/285959316,£ 1.00,£1.00/kg
Tesco Butternut Squash & Sweet Potato 350G,Fresh Food,Fresh Vegetables,258259008,https://www.tesco.com/groceries/en-GB/products/258259008,£ 1.25,£3.58/kg
Organic Leeks 400G,Fresh Food,Fresh Vegetables,256858664,https://www.tesco.com/groceries/en-GB/products/256858664,£ 1.50,£3.75/kg
Tesco Sweet Potato Mash 400G,Fresh Food,Fresh Vegetables,297673140,https://www.tesco.com/groceries/en-GB/products/297673140,£ 0.99,£2.48/kg
Tesco Samphire 115G,Fresh Food,Fresh Vegetables,279426910,https://www.tesco.com/groceries/en-GB/products/279426910,£ 2.00,£17.40/kg
Tesco Medium Pot Thyme,Fresh Food,Fresh Vegetables,256204223,https://www.tesco.com/groceries/en-GB/products/256204223,£ 1.25,£1.25/each
Tesco Fire Pit Patatas Bravas 400G,Fresh Food,Fresh Vegetables,305949511,https://www.tesco.com/groceries/en-GB/products/305949511,£ 2.00,£5.00/kg
Chop Chilli & Thai Basil Sauce 130G,Fresh Food,Fresh Vegetables,310131699,https://www.tesco.com/groceries/en-GB/products/310131699,£ 1.25,£9.62/kg
Tesco Cheesy Chips 400G,Fresh Food,Fresh Vegetables,308480881,https://www.tesco.com/groceries/en-GB/products/308480881,£ 2.50,£6.25/kg
Tesco Finest Hasselback Potatoes 450G,Fresh Food,Fresh Vegetables,309775076,https://www.tesco.com/groceries/en-GB/products/309775076,£ 2.25,£5.00/kg
Tesco Finest Rainbow Chard. 200G,Fresh Food,Fresh Vegetables,307337472,https://www.tesco.com/groceries/en-GB/products/307337472,£ 1.50,£7.50/kg
Tesco Sweet Potato Wedges In Parsley & Thyme Oil 500G,Fresh Food,Fresh Vegetables,309767875,https://www.tesco.com/groceries/en-GB/products/309767875,£ 1.75,£3.50/kg
Tesco Organic Seasonal Cabbage Each,Fresh Food,Fresh Vegetables,256725879,https://www.tesco.com/groceries/en-GB/products/256725879,£ 1.25,£1.25/each
Tesco Butternut & Pak Choi Stir Fry 280G,Fresh Food,Fresh Vegetables,308467926,https://www.tesco.com/groceries/en-GB/products/308467926,£ 1.50,£5.36/kg
Fresh & Easy Vegetable Soup Mix 600G,Fresh Food,Fresh Vegetables,268913926,https://www.tesco.com/groceries/en-GB/products/268913926,£ 1.30,£2.17/kg
Tesco Medium Pot Rosemary,Fresh Food,Fresh Vegetables,285507466,https://www.tesco.com/groceries/en-GB/products/285507466,£ 1.25,£1.25/each
Tesco Potato Wedges 500G,Fresh Food,Fresh Vegetables,308449568,https://www.tesco.com/groceries/en-GB/products/308449568,£ 1.30,£2.60/kg
Tesco Swoodles 250G,Fresh Food,Fresh Vegetables,304384264,https://www.tesco.com/groceries/en-GB/products/304384264,£ 1.00,£4.00/kg
Tesco 2 Baking Sweet Potatoes,Fresh Food,Fresh Vegetables,309763453,https://www.tesco.com/groceries/en-GB/products/309763453,£ 1.15,£0.58/each
Tesco Carrot Sweetcorn & Peas Layered Vegetable 355G,Fresh Food,Fresh Vegetables,301217255,https://www.tesco.com/groceries/en-GB/products/301217255,£ 2.00,£5.64/kg
Tesco Hot & Spicy Stir Fry Mix 320G,Fresh Food,Fresh Vegetables,308470000,https://www.tesco.com/groceries/en-GB/products/308470000,£ 1.50,£4.69/kg
Albert Bartlett Cheese Croquettes 250G,Fresh Food,Fresh Vegetables,311230753,https://www.tesco.com/groceries/en-GB/products/311230753,£ 1.50,£6.00/kg
Albert Bartlett Rooster Fries 300G,Fresh Food,Fresh Vegetables,311205801,https://www.tesco.com/groceries/en-GB/products/311205801,£ 1.40,£4.67/kg
Tesco Finest Exotic Mushroom Selection 220G,Fresh Food,Fresh Vegetables,310096397,https://www.tesco.com/groceries/en-GB/products/310096397,£ 2.65,£12.05/kg
Tesco Finest Oak Smoked Garlic,Fresh Food,Fresh Vegetables,307352597,https://www.tesco.com/groceries/en-GB/products/307352597,£ 1.05,£1.05/each
Seasonal New Loose Potatoes,Fresh Food,Fresh Vegetables,253555232,https://www.tesco.com/groceries/en-GB/products/253555232,£ 0.11,£1.65/kg
Tesco Finest Salad Asparagus 140G,Fresh Food,Fresh Vegetables,303204139,https://www.tesco.com/groceries/en-GB/products/303204139,£ 2.00,£1.43/100g
